<?xml version="1.0" encoding="UTF-8"?><collection xmlns="http://www.loc.gov/MARC21/slim"><record><leader>00344nam--2200133-i-4500</leader><controlfield tag="001">000041603</controlfield><controlfield tag="002">20161230</controlfield><controlfield tag="005">20161230201043</controlfield><controlfield tag="008">060222s1000------------r-----000-0-eng-d</controlfield><datafield ind1=" " ind2=" " tag="080"><subfield code="a">621.317.7</subfield></datafield><datafield ind1=" " ind2=" " tag="100"><subfield code="a">Silonosov,M.A</subfield></datafield><datafield ind1=" " ind2=" " tag="245"><subfield code="a">Aparate electrice de masura si control</subfield></datafield><datafield ind1=" " ind2=" " tag="260"><subfield code="a">Bucuresti, Ed.Energetica De Stat, 1952. 250 P</subfield></datafield><datafield ind1=" " ind2=" " tag="852"><subfield code="a">26210</subfield></datafield></record></collection>